1798 2948
108 159 315 217 tempus,
351 146 446 216 quo
472 150 552 200 ista
585 162 688 216 quae
721 161 839 200 nunc
871 145 1048 206 latent,
1093 143 1140 195 in
1172 144 1322 196 lucem
1357 146 1457 196 dies
1487 149 1635 195 exfra-

104 223 183 271 hat
217 221 263 269 δι
305 219 524 281 longioris
556 219 650 267 aevi
693 216 936 295 diligentia.
1003 215 1178 264 Rerum
1213 217 1331 265 enim
1368 217 1541 265 Natura
1576 215 1636 263 sa-

102 303 180 339 cra
210 288 281 336 sua
325 302 416 336 non
440 287 572 336 'simul
610 286 748 335 tradit
772 304 791 350 ς
836 283 1036 335 initiatos
1068 299 1154 332 nos
1184 285 1436 341 credimus,
1474 284 1518 332 in
1556 298 1636 330 ve-

101 357 265 406 stibulo
297 355 393 416 ejus
429 355 690 418 haeremus3
734 353 829 413 ejus
870 365 1030 401 arcana
1073 366 1165 399 non
1210 352 1457 415 promiscue
1481 389 1495 410 ‚
1544 365 1636 400 non

104 424 315 474 omnibus
358 422 546 486 patent!
601 421 790 473 reducta
834 422 879 471 Gt
922 420 967 469 in
1012 420 1216 468 interiori
1261 420 1449 468 sacrario
1493 419 1637 468 clausa

108 492 245 556 sunt3
277 491 479 541 involuta
501 491 672 542 veritas
706 491 751 539 in
785 492 878 540 alto
912 490 1033 538 latet.
1102 487 1150 536 Si
1171 488 1215 536 in
1237 489 1325 537 hoc
1338 488 1553 548 juventus
1579 487 1639 535 so-

102 560 227 615 bria,
260 558 320 607 sui
350 558 578 609 Creatoris
610 573 814 618 memor,
847 558 1128 607 incumberet
1149 556 1266 622 (ἢ,
1302 558 1328 603 fi
1368 558 1455 604 hoc
1488 555 1640 615 Majo-

62 637 65 638 ’
100 643 174 678 res
203 628 420 686 docerent
456 629 501 676 &
537 628 628 676 hoc
671 627 882 677 Minores
916 625 1231 684 addiscerent,
1275 625 1362 674 vix
1396 632 1548 672 tamen
1583 622 1641 670 ad

102 695 293 746 fundum
312 697 548 745 veniretur
571 732 586 757 ,
620 695 665 744 in
700 711 792 761 quo
826 695 995 745 veritas
1030 694 1178 757 posita
1206 694 1274 742 est
1297 728 1312 752 ,
1352 708 1487 753 quam
1524 705 1640 738 nunc

102 766 149 814 in
185 763 352 812 summa
386 766 610 824 Tellure,
645 763 691 813 61
726 764 816 813 levi
836 776 971 812 manu
994 761 1247 827 quaerimuS.
1315 759 1640 822 Magniomni·

102 849 166 883 no
189 846 260 881 res
292 833 354 881 est
382 848 530 882 rerum
572 834 763 882 Naturae
793 833 991 883 latebras
1022 830 1262 879 dimovere
1281 867 1296 889 ‚
1331 845 1418 878 nec
1454 836 1640 877 conten-

105 906 204 950 tum
235 900 452 950 exteriori
478 903 574 962 ejus
606 901 850 965 conspeetu
866 937 885 965 ,
925 896 1211 964 introspicere
1240 899 1287 948 ἂι
1315 898 1362 946 in
1395 898 1551 947 divina
1581 896 1639 944 se-

105 975 230 1018 creta
258 969 526 1019 descendere
547 970 557 1021 !
595 973 722 1020 Senec.

130 1067 131 1070 =
214 1037 392 1086 Intravi
441 1040 607 1104 itaque.
638 1037 796 1088 densas
844 1037 1169 1102 umbrosasque
1224 1038 1413 1085 Naturae
1458 1034 1638 1093 Silva5‚

103 1105 209 1154 hinc
238 1105 347 1154 inde
377 1108 611 1156 horrentes
646 1106 904 1158 acutiffimis
943 1108 990 1155 &
1023 1104 1214 1156 hamatis
1246 1104 1377 1167 spinis
1399 1140 1414 1162 ,
1462 1104 1639 1157 evitavi

100 1181 330 1239 quotquot
363 1176 487 1226 licuit
519 1175 772 1241 plurimas,
814 1181 860 1226 at
903 1175 1128 1225 neminem
1177 1179 1271 1221 tam
1317 1171 1405 1221 effe
1451 1174 1639 1220 circum-

95 1241 298 1307 spectum
333 1243 521 1306 didici‚·
555 1243 683 1306 cujus
728 1259 821 1294 non
864 1243 1096 1308 diligentia
1144 1241 1225 1290 fibi
1262 1242 1339 1304 ipsi
1389 1240 1636 1307 aliquando

103 1312 290 1361 excidat
316 1353 329 1371 ‚
362 1313 560 1379 ideoque
593 1312 864 1376 ringentium
898 1315 1173 1374 Satyrorum
1193 1311 1439 1361 cachinnos
1460 1346 1476 1369 ‚
1514 1308 1638 1374 meis-

98 1394 188 1444 que
241 1382 436 1431 humeris
499 1382 778 1433 insilientium
828 1382 1267 1446 Cercopithecorum
1311 1379 1630 1427 exsultationes

102 1448 308 1525 sustinui!
350 1450 503 1502 inceffi
551 1451 673 1503 viam
717 1452 766 1503 &
810 1466 944 1518 quem
985 1449 1177 1502 dederat
1233 1449 1406 1500 cursum
1452 1447 1636 1496 fortuna

99 1531 268 1584 peregl.

830 2037 876 2084 A
909 2049 941 2102 5
1377 2028 1570 2080 IMPE-

459 2193 1279 2282 OJEHovffl

208 2323 454 2422 Quam
486 2324 878 2426 magnifica
900 2328 1067 2401 sunt
1094 2325 1264 2400 Tua
1290 2321 1567 2422 Opera!

210 2427 357 2505 Vir
382 2427 728 2528 infipiens
756 2454 908 2504 non
934 2429 1308 2530 cognoscit
1342 2453 1427 2502 ea
1446 2484 1465 2513 ‚

258 2525 514 2609 stultus
546 2558 698 2619 non
722 2530 1245 2695 animadverItDit
1277 2555 1382 2694 qa.

991 2670 1001 2699 e
1203 2656 1304 2696 avii
1322 2679 1335 2692 .

1434 2753 1448 2760 ,,
1487 2751 1544 2758 ..⁶0
1567 2748 1610 2754 „ei-

222 2795 299 2842 (*)
324 2800 449 2845 Corgser.
489 2802 621 2838 lVorm.
645 2801 726 2847 ’mist
739 2801 878 2848 praesat.
904 2812 937 2839 1.
