1798 2948
196 146 277 192 πη
635 152 638 153 ’
877 133 1069 187 AVEs.

310 270 388 299 vas
420 257 596 302 addente
623 246 887 311 Marc-gravio
920 262 1057 305 1648;
1092 253 1164 297 has
1196 266 1341 299 omnes
1369 256 1530 312 digeffit
1562 258 1603 302 δι
1633 260 1750 304 auxit

308 310 533 368 Willughby
566 320 695 366 1676,
715 324 810 356 eum
837 313 910 354 suo
919 310 1022 363 Rajo
1054 323 1185 364 1713,
1214 311 1442 371 iconesque
1472 315 1603 358 varias
1633 316 1749 361 dedit

304 366 530 423 Marfiglius
560 376 678 423 1726-

246 455 582 507 Rncmvnomzs
618 453 736 496 vIVis
777 451 974 495 coloribus
995 464 1125 507 ¹nova
1167 450 1264 493 luce
1294 452 1545 506 illustrarunt
1588 460 1714 497 artem
1737 466 1750 491 ε

305 511 570 554 Germanicas
600 508 790 561 Frischius
821 521 951 562 1734,
987 510 1212 562 Europaeas
1232 507 1391 549 Albinus
1421 518 1525 563 1731
1541 543 1552 560 ‚
1581 518 1623 554 at
1656 511 1749 552 rari·

303 577 421 607 orum
461 572 748 622 novarumque
783 567 944 614 Avlum
989 564 1216 606 centuriam
1256 575 1376 606 unam
1414 566 1570 618 Catesby
1616 578 1746 619 1731,

299 621 371 663 sed
390 630 473 663 tres
502 621 541 663 &
566 623 669 664 ultra
698 621 905 666 centurias
930 620 1109 665 eximius
1130 615 1326 661 Edwards
1358 631 1462 672 1745
1477 653 1490 672 ,
1521 621 1671 677 quibus
1701 623 1748 666 in

301 685 388 719 arte
417 677 521 720 nihil
549 678 773 735 pulchrius.

180 784 185 787 >
248 763 618 806 SYsrnmAncAm
649 762 695 806 in
723 761 895 806 formam
915 774 1017 806 aves
1043 761 1243 805 reducere
1265 760 1448 805 tentavit
1473 761 1527 804 de
1554 761 1748 806 Svecicis

304 819 433 861 Fauna
448 831 542 860 mea
574 824 707 872 1746,
729 818 967 875 Systemaque
990 815 1155 861 Nuturae
1188 827 1317 870 17583
1350 830 1497 861 omnes
1517 817 1748 874 collegit&

301 875 463 930 digeffit
496 874 689 933 Briſjonus
722 882 849 927 1760,
888 877 958 918 cui
989 875 1194 930 integrum
1229 875 1462 917 exercitum
1489 873 1529 916 δι
1558 883 1748 917 notarum

304 931 345 972 &
377 943 579 972 novarum
617 932 807 973 obtulere
846 932 1009 974 labores
1044 930 1084 972 &
1118 934 1297 974 museum
1334 929 1473 985 magni
1510 929 1747 971 Reaamurii.

304 989 380 1029 Sic
397 988 530 1042 duplo
553 987 691 1043 plures
720 988 940 1029 innotuere
969 999 1102 1043 nuper
1124 999 1225 1030 aves
1244 1018 1256 1034 ,
1283 984 1478 1030 indefesso
1507 986 1636 1028 studio
1666 984 1748 1028 Ed-

302 1045 433 1086 wardi
456 1043 496 1084 &
518 1043 778 1094 Reaumurii‚
807 1057 928 1100 quam
957 1056 1049 1099 quae
1079 1053 1196 1086 antea
1223 1044 1401 1098 cognitae
1432 1051 1558 1084 erant.

189 1123 634 1171 ASSERVANTUR
666 1127 741 1170 vel
774 1128 819 1169 in
848 1125 994 1183 Spiritu
1023 1128 1104 1169 vini
1139 1128 1307 1183 integrae
1323 1160 1336 1178 ‚
1377 1127 1451 1170 vel
1484 1125 1651 1168 exuviis
1680 1125 1746 1167 in-

302 1181 596 1283 tsecggaiesffggrffls
635 1193 704 1229 aut
732 1182 957 1231 dimidiatis
989 1184 1112 1242 gypso
1149 1184 1279 1231 fixato
1315 1178 1487 1241 repletis
1505 1214 1519 1236 ‚
1545 1181 1746 1228 methodo

1452 2767 1670 2831 ORDI-
