1798 2948
566 109 833 155 REGNUM
859 109 1160 156 ANIMALE.
1577 124 1635 168 η

77 195 377 272 coGITANs
418 223 554 267 allicit
582 224 634 267 ad
662 224 756 273 velk
792 229 973 278 gratum,
1006 229 1076 264 aut
1104 223 1203 264 nolle
1239 223 1455 279 ingratum.

78 286 311 327 Grumum
339 281 524 338 puerile,
667 281 951 334 sanguineum,
981 280 1148 320 rubrum
1168 311 1179 326 ,
1345 283 1557 332 oleosum,-

330 336 596 393 ipongiosum
612 368 626 388 ,
666 335 874 392 tepidum,
978 333 1111 376 libere
1133 334 1324 390 pulsans,
1352 337 1571 387 anhelans.

334 391 495 441 ridens,
666 391 932 446 transpirans,
981 398 1202 445 promtum.
1357 391 1462 434 Vita.

76 449 247 493 Murus
330 447 530 503 juvenilis
544 479 558 498 ‚
655 445 921 502 phlegmatic.
972 444 1225 501 pallescens,
1346 449 1543 502 aquosus,

332 504 454 545 laxus
467 536 479 552 ‚
658 504 827 543 horrens
843 532 856 550 ,
967 501 1108 542 debile
1128 502 1319 556 pulsans,
1346 502 1628 560 dyspnoicu33

334 557 538 602 fuffocans
548 587 562 609 ,
656 567 805 598 cacans
813 589 825 606 ,
965 564 1157 601 tremens,
1341 560 1440 600 Mor
1448 560 1524 601 bus.

76 619 168 661 Ian
336 615 492 664 virilis,
658 611 892 665 cholerica,
959 611 1092 661 lutea,
1336 614 1573 669 spirituofa,

329 670 482 719 stricta,
654 666 824 710 fervens
835 700 847 717 ‚
965 667 1067 708 dure
1082 667 1268 722 pulsans,
1334 669 1564 710 alihmatica
1575 702 1592 720 ,

332 726 524 775 stertens,
657 722 917 772 micturiens,
957 723 1125 777 agitans.
1337 723 1552 765 Medicina.

78 785 292 828 Monnon
328 780 490 829 senilis,
634 778 944 820 “melancholia
959 787 1069 826 ater,
1100 807 1102 810 ψ
1325 779 1491 828 acidus,

334 835 511 889 rigidus,
649 833 849 888 frigidus,
957 834 1071 876 tarde
1087 832 1274 888 pulsans,
1309 834 1630 892 orthopnoicus,

333 890 551 946 suspirans,
648 887 879 947 obitipan's,
964 890 1193 944 quiescens.
1308 888 1447 935 Mors,

133 949 204 994 Sic
232 945 423 990 Gaudium
453 946 577 989 bonis
597 943 742 988 fruitur
757 978 769 995 ,
799 943 937 986 Metus
952 943 1047 1000 fuga
1066 944 1216 1000 eripit,
1238 942 1306 986 Ira
1330 947 1450 991 armis
1475 944 1623 991 defeu-

186 1005 274 1054 dit,
301 1001 470 1044 Moeror
492 1002 626 1045 amiffa
654 1003 781 1057 luget.

79 1129 327 1175 POLITIA
356 1125 524 1168 Naturae
560 1123 834 1167 manifestatur
869 1137 925 1168 ex
963 1124 1096 1168 tribus
1126 1127 1293 1170 Naturae
1323 1123 1460 1181 regnis
1486 1122 1623 1167 fimule‘

185 1182 531 1240 quemadmodum
569 1183 678 1223 enim
719 1182 1013 1237 Imperantium
1047 1184 1176 1226 cauffa
1212 1182 1369 1239 Populi
1407 1193 1492 1222 non
1532 1183 1624 1224 sune

182 1241 293 1288 nati,
324 1239 392 1279 sed
421 1237 675 1279 subditorum
704 1238 840 1278 ordini
878 1236 1078 1278 servando
1100 1240 1357 1294 Imperantes
1386 1237 1623 1286 constituti,

188 1296 249 1336 ita
264 1294 570 1348 vegetabilium
588 1292 716 1336 caussa
736 1294 942 1335 Animalia
962 1293 1243 1350 Phytiphaga,
1264 1291 1626 1350 phytiphagoruut

188 1347 441 1398 Carnivora,
470 1347 510 1389 δι
536 1360 591 1389 ex
617 1349 680 1390 his
699 1347 861 1402 Majora
879 1349 937 1390 ob
955 1361 1107 1404 parva,
1137 1353 1275 1391 Homo
1307 1350 1326 1401 (
1345 1361 1422 1405 qua
1442 1350 1588 1389 animal
1599 1351 1624 1396 >

184 1407 243 1446 ob
271 1406 447 1447 maxima
480 1403 520 1444 &
548 1403 725 1456 fingula,
763 1406 845 1444 sese
875 1416 979 1444 vero
1013 1405 1247 1459 praecipue,
1285 1406 1388 1446 saeva
1425 1403 1623 1444 mercede

185 1460 389 1502 conducta
410 1457 673 1512 tyrannidem
691 1467 913 1508 exercent,
943 1466 988 1500 ut
1012 1461 1236 1516 Proportio
1257 1471 1350 1501 cum
1371 1459 1506 1501 nitore
1521 1459 1624 1499 Rei-

184 1515 364 1569 publicae
385 1523 534 1555 naturae
554 1523 765 1569 perennet.
807 1514 996 1557 Viciffim
1018 1513 1160 1569 singuli
1180 1516 1299 1557 cives
1321 1516 1556 1568 conspirant
1577 1516 1623 1557 in

183 1568 438 1623 Majestatem
458 1570 648 1611 Hominis
675 1572 882 1614 rationalis
912 1572 1172 1626 imperantis,
1203 1569 1316 1624 cujus
1340 1571 1396 1612 est
1421 1571 1620 1611 summum

188 1625 451 1683 Reipublicae
468 1625 675 1668 auctorem
695 1628 924 1680 agnoscere,
981 1625 1166 1669 Amoenit.
1193 1626 1295 1669 acad.
1319 1635 1356 1668 σ.
1376 1640 1417 1682 p.
1450 1637 1513 1677 17.

75 1750 441 1795 RESPUBLICA
470 1749 655 1800 Naturae,
686 1757 880 1807 tanquam
898 1750 1023 1808 Aqua
1053 1766 1077 1794 e
1102 1751 1310 1794 Fontibus
1337 1752 1380 1794 in
1411 1748 1620 1802 Rivulos‚

185 1812 369 1854 Amnes,
394 1806 573 1849 Fluvios
595 1806 645 1848 ad
673 1807 795 1848 Mare
828 1812 1013 1856 tranans,
1051 1822 1075 1849 e
1102 1807 1409 1851 numerofiffima
1439 1805 1545 1845 Plebe
1572 1806 1618 1848 in

182 1862 402 1920 pauciores
440 1859 632 1911 Νοῖνίἱες,
669 1860 1016 1920 paucissimosque
1043 1863 1255 1918 Magnam
1290 1864 1341 1906 ad
1369 1862 1618 1918 Imperantem

182 1918 416 1966 adscendit,
447 1918 545 1960 dum
562 1918 768 1960 Animalia
787 1918 973 1966 minIma,
993 1931 1161 1962 numero
1183 1920 1242 1967 vi,
1260 1919 1529 1974 potentiaque
1555 1916 1618 1957 fa-

182 1976 266 2017 cile
283 1973 463 2022 infinita,
487 1974 531 2015 in
549 1975 661 2016 usum
678 1974 827 2015 cedant
848 1972 1066 2028 majoribus
1088 1976 1355 2019 inertioribus
1376 1973 1620 2030 praestantio-

185 2031 322 2080 ribuS,
352 2041 446 2072 cum
463 2036 603 2072 natura
630 2041 839 2087 nunquam
857 2031 985 2084 magis
1006 2044 1128 2088 quam
1145 2034 1188 2073 in
1208 2031 1385 2073 minimis
1417 2037 1505 2071 tota
1526 2026 1588 2069 sit.

128 2151 366 2199 Mims‘riu
390 2153 581 2204 Pontiae,
607 2154 787 2211 propriis
815 2154 965 2198 muniis
983 2155 1162 2212 praefixi,
1182 2161 1247 2197 tot
1270 2154 1381 2202 sunt,
1407 2159 1513 2210 quot
1533 2151 1616 2194 ani·

183 2211 351 2252 malium
381 2208 550 2265 Species,
582 2210 724 2264 singuli
756 2209 805 2251 ad
833 2211 968 2253 officia
999 2212 1170 2269 proprio
1198 2207 1422 2252 commodo
1453 2207 1615 2257 allecti,

186 2278 314 2320 quum
330 2278 386 2307 ex
412 2266 554 2308 iabore
573 2265 903 2308 sustentationem
926 2267 1033 2308 suam
1053 2274 1288 2323 reportent,
1316 2277 1368 2306 ne
1390 2263 1617 2320 quidquam

184 2321 373 2369 deficiat,
397 2322 470 2363 ubi
489 2321 594 2363 nihil
615 2323 971 2376 supervacaneum.
999 2323 1067 2364 Ne
1086 2330 1219 2364 autem
1237 2322 1338 2364 alter
1358 2321 1523 2361 alterius
1548 2331 1616 2360 ne-

183 2378 309 2432 gotiis
335 2377 416 2417 sese
446 2377 690 2427 immisceat,
720 2378 917 2434 iimulque
944 2379 1105 2421 lucrum
1136 2378 1253 2419 alteri
1281 2377 1511 2432 prae·ipiat‚
1542 2375 1614 2415 sub

182 2445 308 2489 poena
326 2433 494 2488 capitali
522 2435 670 2475 sancita
693 2434 779 2475 Lex
810 2434 959 2482 veneni,
990 2434 1088 2492 ipsis
1117 2433 1313 2483 semibus,
1344 2429 1522 2485 Olfaflar
1542 2432 1617 2471 im-

182 2491 326 2586 pringis
375 2489 415 2530 &
445 2485 581 2544 Gustus
602 2519 617 2540 ‚
654 2492 849 2548 inscripta
869 2523 881 2541 ‚
922 2502 976 2532 ne
1015 2489 1319 2545 transgressores
1354 2487 1614 2528 excusabiles

181 2557 260 2586 eva
292 2552 417 2586 erent.

1439 2656 1556 2696 0510
